<?xml version="1.0" encoding="UTF-8"?><collection xmlns="http://www.loc.gov/MARC21/slim"><record><leader>00699nam--2200181-i-4500</leader><controlfield tag="001">000018925</controlfield><controlfield tag="002">20161230</controlfield><controlfield tag="005">20161230201032</controlfield><controlfield tag="008">060222s1000------------r-----000-0-rum-d</controlfield><datafield ind1=" " ind2=" " tag="040"><subfield code="a">IFIN-HH</subfield></datafield><datafield ind1=" " ind2=" " tag="041"><subfield code="a">rum</subfield></datafield><datafield ind1=" " ind2=" " tag="080"><subfield code="a">001.818</subfield></datafield><datafield ind1="1" ind2=" " tag="110"><subfield code="a">Institutul De Cercetari Energetice Industiale Si Proiectari Utilaj Energetic</subfield></datafield><datafield ind1="1" ind2="0" tag="245"><subfield code="a">Sesiunea anuala de comunicari tehnico-stiintifice consacrata aniversarii a 50 de ani de la crearea pcr bucuresti 6-8 mai 1971</subfield><subfield code="b">Stadiul actual al cercetarilor in domeniul generatoarelor mhd in lume (i.s. antoniu, c.mocanu, i.cserveny, i.dogaru, l.katona)</subfield></datafield><datafield ind1=" " ind2=" " tag="260"><subfield code="a">Bucuresti</subfield><subfield code="c">1971</subfield></datafield><datafield ind1=" " ind2=" " tag="300"><subfield code="a">14P</subfield></datafield><datafield ind1=" " ind2=" " tag="852"><subfield code="a">34892</subfield><subfield code="c">538.4</subfield></datafield><datafield ind1=" " ind2=" " tag="CAT"><subfield code="a">Sys</subfield><subfield code="c">20110920</subfield><subfield code="h">115008</subfield></datafield></record></collection>